%%%%%%%%%%%%%%%%%%%%%%%%%%%%%%%%%%%%%%%%%%%%  Ronnis kilder
%%%%%%%%%%%%%%%%%%%%%%%%%%%%%%%%%%%%%%%%%%%%%%%%%%%%%%%%%%%%%%%%%%%%%%%%%%%%%%%%%%%%%%%%%%%%%%%%%%%%%%%%%%
@Misc{Arbejdsmiljoe_Arbejdspladser,
  Title                    = {Statslige arbejdspladser},
  Author                   = {Videncenter for Arbejdsmiljø},
  HowPublished             = {http://www.frastresstiltrivsel.dk/branche/statslige-arbejdspladser/},
  Month                    = {03},
  Year                     = {2015},
  Timestamp                = {2015.03.11}
}

@Misc{Arbejdsmiljoe,
Title = {Hvad er arbejdsmiljø},
Author = {Videncenter for Arbejdsmiljø},
Month                    = {03},
Year                     = {2015},
HowPublished = {\url{http://www.arbejdsmiljoviden.dk/Viden-om-arbejdsmiljoe/Hvad-er-arbejdsmiljoe}},
Timestamp = {2015-03-04}
}

@Misc{Arbejdsmiljoe_Fysisk,
Title = {Fysisk arbejdsmiljø},
Author = {Videncenter for Arbejdsmiljø},
Month                    = {03},
Year                     = {2015},
HowPublished = {\url{http://www.arbejdsmiljoviden.dk/Viden-om-arbejdsmiljoe/Fysisk-arbejdsmiljoe}},
Timestamp = {2015-03-04}
}

@Misc{Arbejdsmiljoe_Stoej,
Title = {Støj},
Author = {Videncenter for Arbejdsmiljø},
Month                    = {03},
Year                     = {2015},
HowPublished = {\url{http://www.arbejdsmiljoviden.dk/Viden-om-arbejdsmiljoe/Stoej}},
Timestamp = {2015-03-04}
}

@Misc{Arbejdsmiljoe_Indeklima,
Title = {Indeklima},
Author = {Videncenter for Arbejdsmiljø},
Month                    = {03},
Year                     = {2015},
HowPublished = {\url{http://www.arbejdsmiljoviden.dk/Viden-om-arbejdsmiljoe/Indeklima}},
Timestamp = {2015-03-04}
}

@Misc{Cambridge2011,
Title = {Causes of Work-related stress},
Author = {University of Cambridge},
HowPublished = {\url{http://www.admin.cam.ac.uk/offices/hr/policy/stress/causes.html}},
Month = {11},
Year = {2011},
Timestamp = {2015-03-04}
}
    
@Misc{Arbejdsmiljoe_psykisk,
  Title = {Psykisk arbejdsmiljø},
  Author = {Videncenter for Arbejdsmiljø},
  Month                    = {03},
  Year                     = {2015},
  HowPublished = {\url{http://www.arbejdsmiljoviden.dk/Viden-om-arbejdsmiljoe/Psykisk-arbejdsmiljoe}},
Timestamp = {2015-03-04}
}

@Misc{MetteLindegaardAttrup2008,
  Title = {Power i projekter og porteføjle},
  Author = {Mette Lindegaard Attrup, John Ryding Olsson},
  HowPublished = {Djøf forlag},
  Year = {2008},
  Timestamp = {2015.03.04}
}

@Misc{UpDown,
  Title                    = {Uptime and Downtime},
  Author                   = {WhatIs.com},
  HowPublished             = {http://whatis.techtarget.com/definition/uptime-and-downtime},
  Month                    = {03},
  Year                     = {2015},
  Timestamp                = {2015.03.12}
}

@Misc{Macom,
  Title                    = {Lectio},
  Author                   = {Macom},
  Month                    = {03},
  Year                     = {2015},
  HowPublished             = {\url{http://www.macom.dk/publish/da/lectio.htm}},
  Timestamp                = {2015.03.05}
}

@Misc{DanskInternetHandel,
  Title                    = {Planday A/S},
  Author                   = {Foreningen for Dansk Internet Handel},
  Month                    = {03},
  Year                     = {2015},
  HowPublished             = {\url{http://www.fdih.dk/medlem-netvaerk/medlemsoversigt/p-s/planday-as/}},
  Timestamp                = {2015.03.05}
}

@Misc{Simonsen2014,
  Title                    = {Dansk app-success har sikret sig >>et scoop<<},
  Author                   = {Peter Simonsen},
  HowPublished             = {\url{http://finans.dk/live/erhverv/ECE7266963/Dansk-app-succes-har-sikret-sig-\%C2\%BBet-scoop\%C2\%AB/}},
  Month                    = {12},
  Year                     = {2014},
  Timestamp                = {2015.03.05}
}

@Misc{Universitet2015,
  Title = {Problembaseret læring (PBL) på Aalborg Universitet},
  Author = {Aalborg Universitet},
  HowPublished = {\url{http://www.aau.dk/om-aau/aalborg-modellen-problembaseret-laering}},
  Month = {02},
  Year = {2015},
  Timestamp = {2015.03.04}
}

@Misc{Universitet2011,
  Title = {Principper for problem- og projektbaseret læring},
  Author = {Aalborg Universitet},
  HowPublished = {\url{http://www.aau.dk/digitalAssets/62/62748_17212_dk_pbl_aalborg_modellen.pdf}},
  Month = {03},
  Year = {2011},
  Timestamp = {2015.03.04}
}

@Misc{Gymportalen,
  Title                    = {Kvantitativ og kvalitativ metode},
  Author                   = {Gymportalen},
  HowPublished             = {\url{http://gymportalen.dk/politiksdan/15203}},
  Month                    = {02},
  Year                     = {2015},
  Timestamp                = {2015.03.04}
}

@Misc{Kildekritik,
  Title                    = {Kildekritik},
  Author                   = {Aarhus Universitet},
  HowPublished             = {\url{http://library.au.dk/guides/opgaveskrivning/kildekritik/}},
  Month                    = {02},
  Year                     = {2015},
  Timestamp                = {2015.03.04}
}

@Misc{BjarneHjorthAndersen,
  Title                    = {Interview},
  Author                   = {Bjarne Hjorth Andersen, Erik Lund},
  HowPublished             = {\url{http://www.denstoredanske.dk/Samfund,\_jura\_og\_politik/Massemedier/Journalistiske\_genrer\_og\_stofomr\%C3\%A5der/interview}},
    Month                    = {02},
    Year                     = {2015},
    Timestamp                = {2015.03.04}
}

@Misc{PeterLarsen,
  Title                    = {Problembaseret lærebog om teknologi},
  Author                   = {Peter Larsen, Morten H. Grove},
  HowPublished             = {\url{http://teknologi.systime.dk/index.php?id=568}},
  Month                    = {03},
  Year                     = {2015},
  Timestamp                = {2015.03.04}
}

@Misc{Arbejdsmiljoe_stress,
  Title                    = {Stress},
  Author                   = {Videncenter for Arbejdsmiljø},
  HowPublished             = {\url{http://www.arbejdsmiljoviden.dk/Viden-om-arbejdsmiljoe/Stress}},  
  Month                    = {02},
  Year                     = {2015},
  Timestamp                = {2015.03.04}
}

@Misc{Planday,
  Title                    = {Planday},
  Author                   = {Planday},
  Month                    = {03},
  Year                     = {2015},
  HowPublished             = {\url{http://planday.dk/}},
  Timestamp                = {2015.03.05}
}

@Misc{Play,
  Title                    = {Anmeldelser},
  Author                   = {Google Play},
  Month                    = {03},
  Year                     = {2015},
  HowPublished             = {\url{https://play.google.com/store/apps/details?id=com.planday.ninetofiveapp\&hl=da}},
  Timestamp                = {2015.03.05}
}

@Misc{Tamigo,
  Title                    = {Tamigo},
  Author                   = {Tamigo},
  Month                    = {03},
  Year                     = {2015},
  HowPublished             = {\url{http://www.tamigo.dk/}},
  Timestamp                = {2015.03.05}
}

@Misc{Trustpilot,
  Title                    = {Tamigo anmeldelser},
  Author                   = {Trustpilot},
  Month                    = {03},
  Year                     = {2012},
  HowPublished             = {\url{https://dk.trustpilot.com/review/www.tamigo.dk}},
  Timestamp                = {2015.03.05}
}

@Misc{Holgaard2014,
  Title                    = {VTS Metodik},
  Author                   = {Jette Egelund Holgaard},
  HowPublished             = {\url{https://www.moodle.aau.dk/pluginfile.php/385610/mod_resource/content/1/VTS%20Metodik.pdf}},
  Month                    = {10},
  Year                     = {2014},
  Timestamp                = {2015.03.10}
}

@Misc{Jensen2014,
  Title                    = {Ekspert: Investeringer i godt arbejdsmiljø betaler sig},
  Author                   = {Thomas Klose Jensen},
  HowPublished             = {http://www.dr.dk/Nyheder/Indland/2014/10/01/123558.htm},
  Month                    = {10},
  Year                     = {2014},

  Timestamp                = {2015.03.12}
}


%%%%%%%%%%%%%%%%%%%%%%%%%%%%%%%%%%%%%%%%%%%%  Bolhuis kilder
%%%%%%%%%%%%%%%%%%%%%%%%%%%%%%%%%%%%%%%%%%%%%%%%%%%%%%%%%%%%%%%%%%%%%%%%%%%%%%%%%%%%%%%%%%%%%%%%%%%%%%%%%%
%1
@Misc{Nyeadmboder,
Title = {Nye Administrative bøder},
Author = {Empty\todo{find author og how pulish}},
HowPublished = {Empty},
Month = {Marts},
Year = {2011}
}
%2
@Misc{SmaaFirmaerOrker,
Title = {Små firmaer orker ikke at vokse},
Author = {Lars Solberg},
HowPublished = {\url{www.licitationen.dk/smartphone/artikel/VisArtikel.aspx?SiteID=LI\&Lopenr=105190076}},
Day = {19},
Month = {Maj},
Year = {2014}
}
%3
@Misc{itvirk,
Title = {IT-anvendelse i virksomheder 2014},
Author = {Michael E. Nielsen},
HowPublished = {\url{http://www.dst.dk/pukora/epub/upload/19252/itvirk2014.pdf}},
Month = {December},
Year = {2014}
}
%4
@Misc{case_green_team,
Title = {IT-integration er alfa og omega},
Author = {IBiz-center.dk},
HowPublished = {\url{http://www.ibiz-center.dk/videoer-og-cases/ledelse-og-administration/case-integration-er-alfa-og-omega}},
Month = {Marts},
Year = {2015}
}
%5
@Misc{Ibiz_streamline,
Title = {Ledelse og Administration},
Author = {IBiz-Center.dk},
HowPublished = {\url{http://www.ibiz-center.dk/viden-om-it/ledelse-og-administration}},
Month = {Marts},
Year = {2015}
}
%cloud computing
@Misc{cloud_def,
Title = {Definition of Cloud Computing},
Author = {National institute of standards and Technology},
HowPublished = {\url{http://csrc.nist.gov/publications/nistpubs/800-145/SP800-145.pdf}},
Month = {September},
Year = {2011}
}
@Misc{drpbx_downtime, 
Title = {Is Dropbox down?},
Author = {\url{www.Dropbox.com}},
HowPublished = {\url{https://www.dropbox.com/en/help/30}},
Month = {September},
Year = {2011}
}


%1 Nye administrative bøder på vej til virksomhederne
%http://www.fsr.dk/Nyheder%20og%20presse/Pressemeddelelser/Pressemeddelelser%202012/Nye-administrative%-boeder
%2 Små firmaer orker ikke at voske
%http://www.licitationen.dk/smartphone/artikel/VisArtikel.aspx?SiteID=LI&Lopenr=105190076
%3 It I virksomhedder 2014  http://www.dst.dk/pukora/epub/upload/19252/itvirk.pdf
%4 Case: Green team europe. %http://www.ibiz-center.dk/videoer-og-cases/ledelse-og-administration/case-integration-er-alfa-og-omega
%5 Streamligning af administrative opgaver http://www.ibiz-center.dk/viden-om-it/ledelse-og-administration




%%%%%%%%%%%%%%%%%%%%%%%%%%%%%%%%%%%%%%%%%%%%  Smeds kilder
%%%%%%%%%%%%%%%%%%%%%%%%%%%%%%%%%%%%%%%%%%%%%%%%%%%%%%%%%%%%%%%%%%%%%%%%%%%%%%%%%%%%%%%%%%%%%%%%%%%%%%%%%%
@article{ibm2007,
  Abstract = {The article reports on the launching of Blue Cloud, a technological initiative of International Business Machines Corp. (IBM) to help corporate data centers in the U.S. The initiative enables data centers to run large-scale Web applications in a cloud computing model, which allows them to compute across a distributed, globally accessible fabric of resources. According to Dennis Quan, IBM's chief technology officer (CTO) for high-performance, the computing system is designed to support both the needs of Internet-facing Web level to serve million of users and the needs of data-processors.},
  Author = {Brodkin, Jon},
  ISSN = {08877661},
  Journal = {Network World},
  Keywords = {PRODUCT launches, APPLICATION software, DATA libraries, ONLINE information services, INFORMATION storage & retrieval systems, WEB development, COMPUTER systems, TECHNOLOGICAL innovations, UNITED States, INTERNATIONAL Business Machines Corp., QUAN, Dennis},
  Number = {45},
  Pages = {10},
  Title = {IBM unveils 'cloud computing'.},
  Volume = {24},
  URL = {http://search.ebscohost.com/login.aspx?direct=true&db=buh&AN=27623129&site=ehost-live},
  Year = {2007},
  Timestamp                = {2015.03.10}
}

@article{stage2005,
  title={Synchronization and replication in the context of mobile applications},
  author={Stage, Alexander},
  journal={May},
  volume={30},
  pages={1--16},
  year={2005}
  Timestamp                = {2015.03.10}
}



%%%%%%%%%%%%%%%%%%%%%%%%%%%%%%%%%%%%%%%%%%%%  extreme backflip Jens's kilder
%%%%%%%%%%%%%%%%%%%%%%%%%%%%%%%%%%%%%%%%%%%%%%%%%%%%%%%%%%%%%%%%%%%%%%%%%%%%%%%%%%%%%%%%%%%%%%%%%%%%%%%%%%
@Misc{lectio,
Title = {macom},
Author = {macom},
HowPublished = {\url{http://www.macom.dk/publish/da/lectio.htmv}},
Month = {marts},
Year = {2015}
}

@Misc{SMV,
  Title                    = {Definition af SMV},
  Author                   = {SMVportalen},
  HowPublished             = {\url{http://www.smvportalen.dk/Om-smvportalen/definition-af-smv}},
  Month                    = {03},
  Year                     = {2015},
  Timestamp                = {2015.03.10}
}

%%%%%%%%%%%%%%%%%%%%%%%%%%%%%%%%%%%%%%%%%%%%  Luca's kilder
%%%%%%%%%%%%%%%%%%%%%%%%%%%%%%%%%%%%%%%%%%%%%%%%%%%%%%%%%%%%%%%%%%%%%%%%%%%%%%%%%%%%%%%%%%%%%%%%%%%%%%%%%%
@Misc{Thomse2014,
  Title = {Ny fleksibel arbejdstid gav mere arbejdsglæde},
  Author = {Birgitte Ramsø Thomse},
  HowPublished = {\url{http://www.arbejdsmiljoviden.dk/Aktuelt/Se-hvad-andre-goer/Ny-fleksibel-arbejdstid-gav-mere-arbejdsglaede---Kirke-Stillinge-Plejecenter}},
  Month = {August},
  Year = {2014},
  Owner = {Luca},
  Timestamp = {2015.03.03}
}

@Misc{Kvan,
  Title                    = {kvantitative metoder},
  Author                   = {Redaktionen},
  HowPublished             = {http://www.denstoredanske.dk/Samfund,\_jura\_og\_politik/Sociologi/Sociologisk\_metodologi/kvantitative\_metoder},
  Year                     = {2015},
  Month                    = {03},
  Owner                    = {LucaBianchi},
  Timestamp                = {2015.03.11}
}

@Misc{Kval,
  Title                    = {kvalitative metoder},

  Author                   = {MHansen},
  HowPublished             = {http://www.denstoredanske.dk/Samfund,\_jura\_og\_politik/Sociologi/Sociologisk\_metodologi/kvalitative\_metoder},
  Year                     = {2015},
  Month                    = {03},
  Owner                    = {LucaBianchi},
  Timestamp                = {2015.03.11}
}

@Misc{ProTek,
  Title                    = {Problemer og teknologi},

  Author                   = {Peter Larsen og Morten H. Grove},
  HowPublished             = {http://teknologi.systime.dk/index.php?id=471},
  Year                     = {2010},

  Owner                    = {LucaBianchi},
  Timestamp                = {2015.03.11}
}


%%%%%%%%%%%%%%%%%%%%%%%%%%%%%%%%%%%%%%%%%%%%  Jespers kilder
%%%%%%%%%%%%%%%%%%%%%%%%%%%%%%%%%%%%%%%%%%%%%%%%%%%%%%%%%%%%%%%%%%%%%%%%%%%%%%%%%%%%%%%%%%%%%%%%%%%%%%%%%%
@book{kvale2009,
	author={Svend Brinkmann},
	year={2009},
	title={Interview : introduktion til et håndværk},
	publisher={Kbh. : Hans Reitzel},
	edition={2. udg.},
	note={ID: dedupmrg26624119},
	abstract={Forskningsinterviewets teoretiske og praktiske aspekter for forskere og studerende inden for de humanistiske og samfundsvidenskabelige fagområder},
	keywords={Interviewmetoder}
}

@Misc{It_armil,
  Title                    = {It, køn og psykisk arbejdsmiljø},
  Author                   = {Det nationale forskningscenter for velværd},
  HowPublished             = {\url{http://www.sfi.dk/Files/Filer/SFI/Pdf/Rapporter/2009/0911-It_koen.pdf}},
  Year                     = {2015},
  Month                    = {03},
  Owner                    = {Hede},
  Timestamp                = {2015.03.12}
}


